@online{Worlddata,
  author = {THE WORLD BANK},
  title = {World Bank Open Data},
  year = 2023,
  url = {Https://data.worldbank.org/},
  urldate = {2023-05-01}
}

@online{who,
  author = {World Health Organization},
  title = {THE GLOBAL HEALTH OBSERVATORY},
  year = 2023,
  url = {https://www.who.int/data/gho/indicator-metadata-registry/},
  urldate = {2023-05-01}
}

